@misc{AN-15,
  author = {{D. Bourilkov, S. Tkaczyk, I. Gorbunov et al.}},
  title  = {{Measurement of the differential Drell-Yan cross section at $\sqrt{s}=13$ TeV}},
  year   = {2017},
  howpublished = {CMS AN-15-324}
}

@misc{AN-13,
  author = {{M. Jones, D. Silvers}},
  title  = {{Angular Distributions of Muons from Drell-Yan Production}},
  year   = {2013},
  howpublished = {CMS AN-2013/180}
}
